%% Saved with string encoding Unicode (UTF-8)
@article{Busza:2018rrf,
    author = "Busza, Wit and Rajagopal, Krishna and van der Schee, Wilke",
    title = "{Heavy Ion Collisions: The Big Picture, and the Big Questions}",
    archivePrefix = "arXiv",
    primaryClass = "hep-ph",
    reportNumber = "MIT-CTP-4892, MIT-CTP/4892",
    doi = "10.1146/annurev-nucl-101917-020852",
    journal = "Ann. Rev. Nucl. Part. Sci.",
    volume = "68",
    pages = "339--376",
    year = "2018",
}

@article{Nagle:2018nvi,
    author = "Nagle, James L. and Zajc, William A.",
    title = "{Small System Collectivity in Relativistic Hadronic and Nuclear Collisions}",
    archivePrefix = "arXiv",
    primaryClass = "nucl-ex",
    doi = "10.1146/annurev-nucl-101916-123209",
    journal = "Ann. Rev. Nucl. Part. Sci.",
    volume = "68",
    pages = "211--235",
    year = "2018",
}

%% Ridge in pp
%ATLAS
@article{Aad:2015gqa,
    author = "Aad, Georges and others",
    archivePrefix = "arXiv",
    collaboration = "ATLAS",
    doi = "10.1103/PhysRevLett.116.172301",
    journal = "Phys. Rev. Lett.",
    number = "17",
    pages = "172301",
    primaryClass = "hep-ex",
    reportNumber = "CERN-PH-EP-2015-251",
    title = "{Observation of Long-Range Elliptic Azimuthal Anisotropies in $\sqrt{s}=$13 and 2.76 TeV $pp$ Collisions with the ATLAS Detector}",
    volume = "116",
    year = "2016",
}

@article{Khachatryan:2015lva,
    author = "Khachatryan, Vardan and others",
    collaboration = "CMS",
    title = "{Measurement of long-range near-side two-particle angular correlations in $pp$ collisions at $\sqrt s =$13 TeV}",
    reportNumber = "CMS-FSQ-15-002, CERN-PH-EP-2015-271",
    doi = "10.1103/PhysRevLett.116.172302",
    journal = "Phys. Rev. Lett.",
    volume = "116",
    number = "17",
    pages = "172302",
    year = "2016",
}

%CMS v2 in pp
@article{Khachatryan:2016txc,
    author = "Khachatryan, Vardan and others",
    collaboration = "CMS",
    title = "{Evidence for collectivity in $pp$ collisions at the LHC}",
    reportNumber = "CMS-HIN-16-010, CERN-EP-2016-147",
    doi = "10.1016/j.physletb.2016.12.009",
    journal = "Phys. Lett. B",
    volume = "765",
    pages = "193--220",
    year = "2017",
}

@article{Weller:2017tsr,
    author = "Weller, Ryan D. and Romatschke, Paul",
    title = "{One fluid to rule them all: viscous hydrodynamic description of event-by-event central $p$+$p$, $p$+Pb and Pb+Pb collisions at $\sqrt{s}=5.02$ TeV}",
    archivePrefix = "arXiv",
    primaryClass = "nucl-th",
    doi = "10.1016/j.physletb.2017.09.077",
    journal = "Phys. Lett. B",
    volume = "774",
    pages = "351--356",
    year = "2017"
}

@article{Dumitru:2010iy,
    author = "Dumitru, Adrian and Dusling, Kevin and Gelis, Francois and Jalilian-Marian, Jamal and Lappi, Tuomas and Venugopalan, Raju",
    title = "{The Ridge in proton-proton collisions at the LHC}",
    archivePrefix = "arXiv",
    primaryClass = "hep-ph",
    reportNumber = "INT-PUB-10-051, BCCUNY-HEP-10-03, BNL-94103-2010-JA, RBRC-858",
    doi = "10.1016/j.physletb.2011.01.024",
    journal = "Phys. Lett. B",
    volume = "697",
    pages = "21--25",
    year = "2011"
}

@article{Bierlich:2017vhg,
    author = {Bierlich, Christian and Gustafson, G\"osta and L\"onnblad, Leif},
    title = "{Collectivity without plasma in hadronic collisions}",
    archivePrefix = "arXiv",
    primaryClass = "hep-ph",
    reportNumber = "LU-TP-17-33, MCNET-17-16",
    doi = "10.1016/j.physletb.2018.01.069",
    journal = "Phys. Lett. B",
    volume = "779",
    pages = "58--63",
    year = "2018"
}

@article{Sjostrand:2007gs,
    author = {Sj\"ostrand, Torbjorn and Mrenna, Stephen and Skands, Peter Z.},
    title = "{A Brief Introduction to PYTHIA 8.1}",
    archivePrefix = "arXiv",
    primaryClass = "hep-ph",
    reportNumber = "CERN-LCGAPP-2007-04, LU-TP-07-28, FERMILAB-PUB-07-512-CD-T",
    doi = "10.1016/j.cpc.2008.01.036",
    journal = "Comput. Phys. Commun.",
    volume = "178",
    pages = "852--867",
    year = "2008"
}

%ZYAM ref
@article{Ajitanand:2005jj,
      author         = "Ajitanand, N. N. and Alexander, J. M. and Chung, P. and
                        Holzmann, W. G. and Issah, M. and Lacey, Roy A. and
                        Shevel, A. and Taranenko, A. and Danielewicz, P.",
      title          = "{Decomposition of harmonic and jet contributions to
                        particle-pair correlations at ultra-relativistic
                        energies}",
      journal        = "Phys. Rev.",
      volume         = "C72",
      year           = "2005",
      pages          = "011902",
      doi            = "10.1103/PhysRevC.72.011902",
}

@article{Lim:2019cys,
    author = "Lim, S. H. and Hu, Q. and Belmont, R. and Hill, K. K. and Nagle, J. L. and Perepelitsa, D. V.",
    title = "{Examination of flow and nonflow factorization methods in small collision systems}",
    archivePrefix = "arXiv",
    primaryClass = "nucl-th",
    doi = "10.1103/PhysRevC.100.024908",
    journal = "Phys. Rev. C",
    volume = "100",
    number = "2",
    pages = "024908",
    year = "2019"
}

@article{Bierlich:2016vgw,
    author = {Bierlich, Christian and Gustafson, G\"osta and L\"onnblad, Leif},
    title = "{A shoving model for collectivity in hadronic collisions}",
    eprint = "1612.05132",
    archivePrefix = "arXiv",
    primaryClass = "hep-ph",
    reportNumber = "MCNET-16-48, LU-TP-16-64",
    month = "12",
    year = "2016"
}